% Encoding: UTF-8

@Article{Koch2015,
  author    = {Gregory Koch and Richard Zemel and Ruslan Salskhutdinov},
  title     = {{Siamese Neural Networks for One-shot Image Recognition}},
  year      = {2015},
  owner     = {sebastian},
  timestamp = {2020.02.12},
  url       = {https://www.cs.cmu.edu/~rsalakhu/papers/oneshot1.pdf},
}

@Comment{jabref-meta: databaseType:bibtex;}
